@book{patternsOfEnterpriseApplicationArchitecture,
    title =     {Patterns of Enterprise Application Architecture},
    author =    {Martin Fowler},
    publisher = {Addison-Wesley Professional},
    isbn =      {9780321127426,0321127420},
    year =      {2002}
}

@book{buildingRESTfulWebServicesWithSpring,
    title =     {Building RESTful Web Services with Spring 5},
    author =    {Raja CSP Raman and Ludovic Dewailly},
    publisher = {Packt Publishing},
    isbn =      {},
    year =      {2018},
    edition =   {2nd}
}

@book{tamingTheStateInReact,
    title =     {Taming the State in React. Your journey to master Redux and MobX},
    author =    {Robin Wieruch},
    publisher = {LeanPub},
    isbn =      {},
    year =      {2017}
}

@book{cleanArchitecture,
    title =     {Clean Architecture: A Craftsman's Guide to Software Structure and Design},
    author =    {Robert C. Martin},
    publisher = {Prentice Hall},
    isbn =      {0134494164,9780134494166},
    year =      {2017},
    series =    {Robert C. Martin Series},
    edition =   {1}
}

@book{highPerformanceMySQL,
    title =     {High Performance MySQL},
    author =    {Baron Schwartz, Peter Zaitsev, Vadim Tkachenko and Jeremy Zawodny D. and Arjen Lentz and Derek J. Balling},
    publisher = {O'Reilly Media},
    isbn =      {0596101716,9780596101718},
    year =      {2008},
    edition =   {2}
}

@book{databaseProgrammingWithJdbcAndJava,
    title =     {Database Programming with JDBC and Java},
    author =    {George Reese},
    publisher = {O'Reilly Media},
    isbn =      {9781565926165},
    year =      {2000},
    edition =   {2},
}

@article{Cheng-2013,
    title	= {Optimization for Web-Based Online Document Management},
    author	= {Cheng Wen Zhi and Yang Yi and Zhang Liao and Lian Li},
    journal	= {Advanced Materials Research},
    issne	= {1662-8985},
    year	= {2013},
    month	= {9},
    volume	= {756-759},
    page	= {1135--1140}
}

@misc{regista,
    title = {Regista - A complete application for registry and document management},
    year = "2014-2020",
    howpublished = {\href{https://regista.ro}{link}}
}

@misc{modernEnterpriseUiDesign,
    title = {Modern Enterprise UI design - Part 1: Tables},
    author = {James Jacobs},
    year = {2018},
    howpublished = {\href{https://medium.com/pulsar/modern-enterprise-ui-design-part-1-tables-ad8ee1b9feb}{link}}
}



images

@misc{clientServer,
    title = {The client-server architecture},
    author = {Thang Moui Hai},
    howpublished = {\href{https://vnsys.wordpress.com/2016/12/16/web-server-la-gi-va-cach-no-lam-viec/}{link}}
}

@misc{rest,
    title = {How to build a RESTful API on a raspberry pi in javascript},
    author = {Robert Drummond},
    howpublished = {\href{http://www.robert-drummond.com/2013/05/08/how-to-build-a-restful-web-api-on-a-raspberry-pi-in-javascript-2/}{link}}
}

@misc{restDetailed,
    title = {Detailed explanation of how the REST API works},
    howpublished = {\href{https://medium.com/@audira98/why-should-we-choose-rest-client-server-model-to-develop-web-apps-c3bb2451b13a}{link}}
}

@misc{restFlow,
    title = {The client-server communication using a REST API},
    author = {Sagar Mane},
    howpublished = {\href{https://medium.com/@sagar.mane006/understanding-rest-representational-state-transfer-85256b9424aa}{link}}
}

@misc{jvmEcosystemReport,
    title = {JVM Ecosystem report 2018},
    author = {Simon Maple, Andrew Binstock},
    howpublished = {\href{https://snyk.io/blog/jvm-ecosystem-report-2018-platform-application}{link}}
}

@misc{springDocs,
    title = {Spring Framework Reference},
    author = {Pivotal},
    howpublished = {\href{https://docs.spring.io/spring-framework/docs/current/spring-framework-reference/core.html}{link}}
}





